<?xml version="1.0" encoding="UTF-8"?><collection xmlns="http://www.loc.gov/MARC21/slim"><record><leader>00337nam--2200121-i-4500</leader><controlfield tag="001">000032089</controlfield><controlfield tag="002">20161230</controlfield><controlfield tag="005">20161230201039</controlfield><controlfield tag="008">060222s1000------------r-----000-0-eng-d</controlfield><datafield ind1=" " ind2=" " tag="100"><subfield code="a">Marach, Arthur</subfield></datafield><datafield ind1=" " ind2=" " tag="245"><subfield code="a">Natur und erkenntnis. die welt in der konstruktion des heutigen physikers</subfield></datafield><datafield ind1=" " ind2=" " tag="260"><subfield code="a">Wien, Springer, 1948, V + 238p</subfield></datafield><datafield ind1=" " ind2=" " tag="852"><subfield code="a">490</subfield></datafield></record></collection>